<record xmlns="http://www.loc.gov/MARC21/slim" xmlns:xsi="http://www.w3.org/2001/XMLSchema-instance" xsi:schemaLocation="http://www.loc.gov/MARC21/slim http://www.loc.gov/standards/marcxml/schema/MARC21slim.xsd"><leader>01030cz   2200205n  4500</leader><controlfield tag="001">oca03855742 </controlfield><controlfield tag="005">20001103070245.0</controlfield><controlfield tag="008">950607n| acannaabn          |a aaa     c</controlfield><datafield ind1=" " ind2=" " tag="010"><subfield code="a">nr 95021134 </subfield></datafield><datafield ind1=" " ind2=" " tag="040"><subfield code="a">NNC</subfield><subfield code="b">eng</subfield><subfield code="c">NNC</subfield><subfield code="d">OCoLC</subfield></datafield><datafield ind1="1" ind2=" " tag="100"><subfield code="a">Cinna, C. Helvius</subfield></datafield><datafield ind1="1" ind2=" " tag="400"><subfield code="a">Helvius Cinna, C.</subfield></datafield><datafield ind1="1" ind2=" " tag="400"><subfield code="a">Helvius Cinna, Gaius</subfield></datafield><datafield ind1="1" ind2=" " tag="400"><subfield code="a">Cinna, Gaius Helvius</subfield></datafield><datafield ind1="0" ind2=" " tag="400"><subfield code="a">C. Helvius Cinna</subfield></datafield><datafield ind1=" " ind2=" " tag="670"><subfield code="a">His Carmina [CF] 1991:</subfield><subfield code="b">PHI CD ROM #5.3, Latin Canon, bibliographic screen (C. Helvius Cinna)</subfield></datafield><datafield ind1=" " ind2=" " tag="670"><subfield code="a">Oxford class. dict., 1st ed.:</subfield><subfield code="b">p. 193 (Cinna, Gaius Helvius; Tribune, 44 B.C.; killed by the mob after Caesar's funeral)</subfield></datafield><datafield ind1=" " ind2=" " tag="670"><subfield code="a">NUC pre-56:</subfield><subfield code="b">v. 110, p. 59 (Cinna, C. Helvius)</subfield></datafield><datafield ind1=" " ind2=" " tag="670"><subfield code="a">Pauly-Wissowa;</subfield><subfield code="b">15. Halbbd., col. 225-226; "Helvius" #11-12, (C. Helvius Cinna; tribune, 44 B.C., follower of Caesar; mistaken for L. Cornelius Cinna, one of Caesar's murderers, and killed by the mob; often identified with: Helvius Cinna, Gaius, a friend of Catullus)</subfield></datafield><datafield ind1=" " ind2=" " tag="670"><subfield code="a">LC in RLIN, 6/9/95</subfield><subfield code="b">(hdg.: Cinna, C. Helvius)</subfield></datafield></record>